%YAML 1.1
%TAG !u! tag:unity3d.com,2011:
--- !u!29 &1
OcclusionCullingSettings:
  m_ObjectHideFlags: 0
  serializedVersion: 2
  m_OcclusionBakeSettings:
    smallestOccluder: 5
    smallestHole: 0.25
    backfaceThreshold: 100
  m_SceneGUID: 00000000000000000000000000000000
  m_OcclusionCullingData: {fileID: 0}
--- !u!104 &2
RenderSettings:
  m_ObjectHideFlags: 0
  serializedVersion: 9
  m_Fog: 0
  m_FogColor: {r: 0.5, g: 0.5, b: 0.5, a: 1}
  m_FogMode: 3
  m_FogDensity: 0.01
  m_LinearFogStart: 0
  m_LinearFogEnd: 300
  m_AmbientSkyColor: {r: 0.212, g: 0.227, b: 0.259, a: 1}
  m_AmbientEquatorColor: {r: 0.114, g: 0.125, b: 0.133, a: 1}
  m_AmbientGroundColor: {r: 0.047, g: 0.043, b: 0.035, a: 1}
  m_AmbientIntensity: 1
  m_AmbientMode: 0
  m_SubtractiveShadowColor: {r: 0.42, g: 0.478, b: 0.627, a: 1}
  m_SkyboxMaterial: {fileID: 10304, guid: 0000000000000000f000000000000000, type: 0}
  m_HaloStrength: 0.5
  m_FlareStrength: 1
  m_FlareFadeSpeed: 3
  m_HaloTexture: {fileID: 0}
  m_SpotCookie: {fileID: 10001, guid: 0000000000000000e000000000000000, type: 0}
  m_DefaultReflectionMode: 0
  m_DefaultReflectionResolution: 128
  m_ReflectionBounces: 1
  m_ReflectionIntensity: 1
  m_CustomReflection: {fileID: 0}
  m_Sun: {fileID: 0}
  m_IndirectSpecularColor: {r: 0.18028352, g: 0.22571376, b: 0.30692244, a: 1}
  m_UseRadianceAmbientProbe: 0
--- !u!157 &3
LightmapSettings:
  m_ObjectHideFlags: 0
  serializedVersion: 12
  m_GIWorkflowMode: 1
  m_GISettings:
    serializedVersion: 2
    m_BounceScale: 1
    m_IndirectOutputScale: 1
    m_AlbedoBoost: 1
    m_EnvironmentLightingMode: 0
    m_EnableBakedLightmaps: 1
    m_EnableRealtimeLightmaps: 0
  m_LightmapEditorSettings:
    serializedVersion: 12
    m_Resolution: 2
    m_BakeResolution: 40
    m_AtlasSize: 1024
    m_AO: 0
    m_AOMaxDistance: 1
    m_CompAOExponent: 1
    m_CompAOExponentDirect: 0
    m_ExtractAmbientOcclusion: 0
    m_Padding: 2
    m_LightmapParameters: {fileID: 0}
    m_LightmapsBakeMode: 1
    m_TextureCompression: 1
    m_FinalGather: 0
    m_FinalGatherFiltering: 1
    m_FinalGatherRayCount: 256
    m_ReflectionCompression: 2
    m_MixedBakeMode: 2
    m_BakeBackend: 1
    m_PVRSampling: 1
    m_PVRDirectSampleCount: 32
    m_PVRSampleCount: 512
    m_PVRBounces: 2
    m_PVREnvironmentSampleCount: 256
    m_PVREnvironmentReferencePointCount: 2048
    m_PVRFilteringMode: 1
    m_PVRDenoiserTypeDirect: 1
    m_PVRDenoiserTypeIndirect: 1
    m_PVRDenoiserTypeAO: 1
    m_PVRFilterTypeDirect: 0
    m_PVRFilterTypeIndirect: 0
    m_PVRFilterTypeAO: 0
    m_PVREnvironmentMIS: 1
    m_PVRCulling: 1
    m_PVRFilteringGaussRadiusDirect: 1
    m_PVRFilteringGaussRadiusIndirect: 5
    m_PVRFilteringGaussRadiusAO: 2
    m_PVRFilteringAtrousPositionSigmaDirect: 0.5
    m_PVRFilteringAtrousPositionSigmaIndirect: 2
    m_PVRFilteringAtrousPositionSigmaAO: 1
    m_ExportTrainingData: 0
    m_TrainingDataDestination: TrainingData
    m_LightProbeSampleCountMultiplier: 4
  m_LightingDataAsset: {fileID: 112000000, guid: 72045b30217803f41b0fe7460ce14f9f, type: 2}
  m_LightingSettings: {fileID: 4890085278179872738, guid: 477cc4148fad3449482a3bc3178594e2, type: 2}
--- !u!196 &4
NavMeshSettings:
  serializedVersion: 2
  m_ObjectHideFlags: 0
  m_BuildSettings:
    serializedVersion: 2
    agentTypeID: 0
    agentRadius: 0.5
    agentHeight: 2
    agentSlope: 45
    agentClimb: 0.4
    ledgeDropHeight: 0
    maxJumpAcrossDistance: 0
    minRegionArea: 2
    manualCellSize: 0
    cellSize: 0.16666667
    manualTileSize: 0
    tileSize: 256
    accuratePlacement: 0
    maxJobWorkers: 0
    preserveTilesOutsideBounds: 0
    debug:
      m_Flags: 0
  m_NavMeshData: {fileID: 0}
--- !u!1 &129904914
GameObject:
  m_ObjectHideFlags: 0
  m_CorrespondingSourceObject: {fileID: 0}
  m_PrefabInstance: {fileID: 0}
  m_PrefabAsset: {fileID: 0}
  serializedVersion: 6
  m_Component:
  - component: {fileID: 129904915}
  - component: {fileID: 129904919}
  - component: {fileID: 129904918}
  - component: {fileID: 129904917}
  - component: {fileID: 129904916}
  m_Layer: 0
  m_Name: LeftHand Controller
  m_TagString: Untagged
  m_Icon: {fileID: 0}
  m_NavMeshLayer: 0
  m_StaticEditorFlags: 0
  m_IsActive: 1
--- !u!4 &129904915
Transform:
  m_ObjectHideFlags: 0
  m_CorrespondingSourceObject: {fileID: 0}
  m_PrefabInstance: {fileID: 0}
  m_PrefabAsset: {fileID: 0}
  m_GameObject: {fileID: 129904914}
  m_LocalRotation: {x: -0, y: -0, z: -0, w: 1}
  m_LocalPosition: {x: 0, y: 0, z: 0}
  m_LocalScale: {x: 1, y: 1, z: 1}
  m_Children: []
  m_Father: {fileID: 827005108}
  m_RootOrder: 1
  m_LocalEulerAnglesHint: {x: 0, y: 0, z: 0}
--- !u!114 &129904916
MonoBehaviour:
  m_ObjectHideFlags: 0
  m_CorrespondingSourceObject: {fileID: 0}
  m_PrefabInstance: {fileID: 0}
  m_PrefabAsset: {fileID: 0}
  m_GameObject: {fileID: 129904914}
  m_Enabled: 1
  m_EditorHideFlags: 0
  m_Script: {fileID: 11500000, guid: e988983f96fe1dd48800bcdfc82f23e9, type: 3}
  m_Name: 
  m_EditorClassIdentifier: 
  m_LineWidth: 0.02
  m_OverrideInteractorLineLength: 1
  m_LineLength: 10
  m_WidthCurve:
    serializedVersion: 2
    m_Curve:
    - serializedVersion: 3
      time: 0
      value: 1
      inSlope: 0
      outSlope: 0
      tangentMode: 0
      weightedMode: 0
      inWeight: 0
      outWeight: 0
    - serializedVersion: 3
      time: 1
      value: 1
      inSlope: 0
      outSlope: 0
      tangentMode: 0
      weightedMode: 0
      inWeight: 0
      outWeight: 0
    m_PreInfinity: 2
    m_PostInfinity: 2
    m_RotationOrder: 4
  m_ValidColorGradient:
    serializedVersion: 2
    key0: {r: 1, g: 1, b: 1, a: 1}
    key1: {r: 1, g: 1, b: 1, a: 1}
    key2: {r: 0, g: 0, b: 0, a: 0}
    key3: {r: 0, g: 0, b: 0, a: 0}
    key4: {r: 0, g: 0, b: 0, a: 0}
    key5: {r: 0, g: 0, b: 0, a: 0}
    key6: {r: 0, g: 0, b: 0, a: 0}
    key7: {r: 0, g: 0, b: 0, a: 0}
    ctime0: 0
    ctime1: 65535
    ctime2: 0
    ctime3: 0
    ctime4: 0
    ctime5: 0
    ctime6: 0
    ctime7: 0
    atime0: 0
    atime1: 65535
    atime2: 0
    atime3: 0
    atime4: 0
    atime5: 0
    atime6: 0
    atime7: 0
    m_Mode: 0
    m_NumColorKeys: 2
    m_NumAlphaKeys: 2
  m_InvalidColorGradient:
    serializedVersion: 2
    key0: {r: 1, g: 0, b: 0, a: 1}
    key1: {r: 1, g: 0, b: 0, a: 1}
    key2: {r: 0, g: 0, b: 0, a: 0}
    key3: {r: 0, g: 0, b: 0, a: 0}
    key4: {r: 0, g: 0, b: 0, a: 0}
    key5: {r: 0, g: 0, b: 0, a: 0}
    key6: {r: 0, g: 0, b: 0, a: 0}
    key7: {r: 0, g: 0, b: 0, a: 0}
    ctime0: 0
    ctime1: 65535
    ctime2: 0
    ctime3: 0
    ctime4: 0
    ctime5: 0
    ctime6: 0
    ctime7: 0
    atime0: 0
    atime1: 65535
    atime2: 0
    atime3: 0
    atime4: 0
    atime5: 0
    atime6: 0
    atime7: 0
    m_Mode: 0
    m_NumColorKeys: 2
    m_NumAlphaKeys: 2
  m_SmoothMovement: 0
  m_FollowTightness: 10
  m_SnapThresholdDistance: 10
  m_Reticle: {fileID: 0}
  m_StopLineAtFirstRaycastHit: 1
--- !u!120 &129904917
LineRenderer:
  m_ObjectHideFlags: 0
  m_CorrespondingSourceObject: {fileID: 0}
  m_PrefabInstance: {fileID: 0}
  m_PrefabAsset: {fileID: 0}
  m_GameObject: {fileID: 129904914}
  m_Enabled: 1
  m_CastShadows: 0
  m_ReceiveShadows: 0
  m_DynamicOccludee: 1
  m_MotionVectors: 0
  m_LightProbeUsage: 0
  m_ReflectionProbeUsage: 0
  m_RayTracingMode: 0
  m_RayTraceProcedural: 0
  m_RenderingLayerMask: 1
  m_RendererPriority: 0
  m_Materials:
  - {fileID: 10306, guid: 0000000000000000f000000000000000, type: 0}
  m_StaticBatchInfo:
    firstSubMesh: 0
    subMeshCount: 0
  m_StaticBatchRoot: {fileID: 0}
  m_ProbeAnchor: {fileID: 0}
  m_LightProbeVolumeOverride: {fileID: 0}
  m_ScaleInLightmap: 1
  m_ReceiveGI: 1
  m_PreserveUVs: 0
  m_IgnoreNormalsForChartDetection: 0
  m_ImportantGI: 0
  m_StitchLightmapSeams: 1
  m_SelectedEditorRenderState: 3
  m_MinimumChartSize: 4
  m_AutoUVMaxDistance: 0.5
  m_AutoUVMaxAngle: 89
  m_LightmapParameters: {fileID: 0}
  m_SortingLayerID: 0
  m_SortingLayer: 0
  m_SortingOrder: 5
  m_Positions: []
  m_Parameters:
    serializedVersion: 3
    widthMultiplier: 0.005
    widthCurve:
      serializedVersion: 2
      m_Curve:
      - serializedVersion: 3
        time: 0
        value: 1
        inSlope: 0
        outSlope: 0
        tangentMode: 0
        weightedMode: 0
        inWeight: 0
        outWeight: 0
      - serializedVersion: 3
        time: 1
        value: 1
        inSlope: 0
        outSlope: 0
        tangentMode: 0
        weightedMode: 0
        inWeight: 0
        outWeight: 0
      m_PreInfinity: 2
      m_PostInfinity: 2
      m_RotationOrder: 4
    colorGradient:
      serializedVersion: 2
      key0: {r: 0, g: 0, b: 1, a: 1}
      key1: {r: 0, g: 0, b: 1, a: 1}
      key2: {r: 0, g: 0, b: 0, a: 0}
      key3: {r: 0, g: 0, b: 0, a: 0}
      key4: {r: 0, g: 0, b: 0, a: 0}
      key5: {r: 0, g: 0, b: 0, a: 0}
      key6: {r: 0, g: 0, b: 0, a: 0}
      key7: {r: 0, g: 0, b: 0, a: 0}
      ctime0: 0
      ctime1: 65535
      ctime2: 0
      ctime3: 0
      ctime4: 0
      ctime5: 0
      ctime6: 0
      ctime7: 0
      atime0: 0
      atime1: 65535
      atime2: 0
      atime3: 0
      atime4: 0
      atime5: 0
      atime6: 0
      atime7: 0
      m_Mode: 0
      m_NumColorKeys: 2
      m_NumAlphaKeys: 2
    numCornerVertices: 4
    numCapVertices: 4
    alignment: 0
    textureMode: 0
    shadowBias: 0.5
    generateLightingData: 0
  m_UseWorldSpace: 1
  m_Loop: 0
--- !u!114 &129904918
MonoBehaviour:
  m_ObjectHideFlags: 0
  m_CorrespondingSourceObject: {fileID: 0}
  m_PrefabInstance: {fileID: 0}
  m_PrefabAsset: {fileID: 0}
  m_GameObject: {fileID: 129904914}
  m_Enabled: 1
  m_EditorHideFlags: 0
  m_Script: {fileID: 11500000, guid: 6803edce0201f574f923fd9d10e5b30a, type: 3}
  m_Name: 
  m_EditorClassIdentifier: 
  m_InteractionManager: {fileID: 1430802034}
  m_InteractionLayerMask:
    serializedVersion: 2
    m_Bits: 4294967295
  m_AttachTransform: {fileID: 0}
  m_StartingSelectedInteractable: {fileID: 0}
  m_OnHoverEnter:
    m_PersistentCalls:
      m_Calls: []
  m_OnHoverExit:
    m_PersistentCalls:
      m_Calls: []
  m_OnSelectEnter:
    m_PersistentCalls:
      m_Calls: []
  m_OnSelectExit:
    m_PersistentCalls:
      m_Calls: []
  m_SelectActionTrigger: 1
  m_HideControllerOnSelect: 0
  m_PlayAudioClipOnSelectEnter: 0
  m_AudioClipForOnSelectEnter: {fileID: 0}
  m_PlayAudioClipOnSelectExit: 0
  m_AudioClipForOnSelectExit: {fileID: 0}
  m_PlayAudioClipOnHoverEnter: 0
  m_AudioClipForOnHoverEnter: {fileID: 0}
  m_PlayAudioClipOnHoverExit: 0
  m_AudioClipForOnHoverExit: {fileID: 0}
  m_PlayHapticsOnSelectEnter: 0
  m_HapticSelectEnterIntensity: 0
  m_HapticSelectEnterDuration: 0
  m_PlayHapticsOnSelectExit: 0
  m_HapticSelectExitIntensity: 0
  m_HapticSelectExitDuration: 0
  m_PlayHapticsOnHoverEnter: 0
  m_HapticHoverEnterIntensity: 0
  m_HapticHoverEnterDuration: 0
  m_PlayHapticsOnHoverExit: 0
  m_HapticHoverExitIntensity: 0
  m_HapticHoverExitDuration: 0
  m_LineType: 0
  m_MaxRaycastDistance: 30
  m_ReferenceFrame: {fileID: 0}
  m_Velocity: 16
  m_Acceleration: 9.8
  m_AdditionalFlightTime: 0.5
  m_EndPointDistance: 30
  m_EndPointHeight: -10
  m_ControlPointDistance: 10
  m_ControlPointHeight: 5
  m_SampleFrequency: 20
  m_HitDetectionType: 0
  m_SphereCastRadius: 0
  m_RaycastMask:
    serializedVersion: 2
    m_Bits: 4294967295
  m_RaycastTriggerInteraction: 1
  m_HoverToSelect: 0
  m_HoverTimeToSelect: 0.5
  m_EnableUIInteraction: 1
--- !u!114 &129904919
MonoBehaviour:
  m_ObjectHideFlags: 0
  m_CorrespondingSourceObject: {fileID: 0}
  m_PrefabInstance: {fileID: 0}
  m_PrefabAsset: {fileID: 0}
  m_GameObject: {fileID: 129904914}
  m_Enabled: 1
  m_EditorHideFlags: 0
  m_Script: {fileID: 11500000, guid: 1ae26e19cd956134bbdf3c6f65bf393a, type: 3}
  m_Name: 
  m_EditorClassIdentifier: 
  m_UpdateTrackingType: 0
  m_EnableInputActions: 1
  m_PoseProvider: {fileID: 0}
  m_ControllerNode: 4
  m_SelectUsage: 3
  m_ActivateUsage: 2
  m_UIPressUsage: 2
  m_AxisToPressThreshold: 0.1
  m_ModelPrefab: {fileID: 0}
  m_ModelTransform: {fileID: 0}
  m_AnimateModel: 0
  m_ModelSelectTransition: 
  m_ModelDeSelectTransition: 
--- !u!1 &245177252
GameObject:
  m_ObjectHideFlags: 0
  m_CorrespondingSourceObject: {fileID: 0}
  m_PrefabInstance: {fileID: 0}
  m_PrefabAsset: {fileID: 0}
  serializedVersion: 6
  m_Component:
  - component: {fileID: 245177256}
  - component: {fileID: 245177255}
  - component: {fileID: 245177254}
  - component: {fileID: 245177253}
  m_Layer: 0
  m_Name: Cube (1)
  m_TagString: Untagged
  m_Icon: {fileID: 0}
  m_NavMeshLayer: 0
  m_StaticEditorFlags: 0
  m_IsActive: 1
--- !u!65 &245177253
BoxCollider:
  m_ObjectHideFlags: 0
  m_CorrespondingSourceObject: {fileID: 0}
  m_PrefabInstance: {fileID: 0}
  m_PrefabAsset: {fileID: 0}
  m_GameObject: {fileID: 245177252}
  m_Material: {fileID: 0}
  m_IsTrigger: 0
  m_Enabled: 1
  serializedVersion: 2
  m_Size: {x: 1, y: 1, z: 1}
  m_Center: {x: 0, y: 0, z: 0}
--- !u!23 &245177254
MeshRenderer:
  m_ObjectHideFlags: 0
  m_CorrespondingSourceObject: {fileID: 0}
  m_PrefabInstance: {fileID: 0}
  m_PrefabAsset: {fileID: 0}
  m_GameObject: {fileID: 245177252}
  m_Enabled: 1
  m_CastShadows: 1
  m_ReceiveShadows: 1
  m_DynamicOccludee: 1
  m_MotionVectors: 1
  m_LightProbeUsage: 1
  m_ReflectionProbeUsage: 1
  m_RayTracingMode: 2
  m_RayTraceProcedural: 0
  m_RenderingLayerMask: 1
  m_RendererPriority: 0
  m_Materials:
  - {fileID: 2100000, guid: c5cba0f328c43b44487548be93ab1164, type: 2}
  m_StaticBatchInfo:
    firstSubMesh: 0
    subMeshCount: 0
  m_StaticBatchRoot: {fileID: 0}
  m_ProbeAnchor: {fileID: 0}
  m_LightProbeVolumeOverride: {fileID: 0}
  m_ScaleInLightmap: 1
  m_ReceiveGI: 1
  m_PreserveUVs: 0
  m_IgnoreNormalsForChartDetection: 0
  m_ImportantGI: 0
  m_StitchLightmapSeams: 1
  m_SelectedEditorRenderState: 3
  m_MinimumChartSize: 4
  m_AutoUVMaxDistance: 0.5
  m_AutoUVMaxAngle: 89
  m_LightmapParameters: {fileID: 0}
  m_SortingLayerID: 0
  m_SortingLayer: 0
  m_SortingOrder: 0
  m_AdditionalVertexStreams: {fileID: 0}
--- !u!33 &245177255
MeshFilter:
  m_ObjectHideFlags: 0
  m_CorrespondingSourceObject: {fileID: 0}
  m_PrefabInstance: {fileID: 0}
  m_PrefabAsset: {fileID: 0}
  m_GameObject: {fileID: 245177252}
  m_Mesh: {fileID: 10202, guid: 0000000000000000e000000000000000, type: 0}
--- !u!4 &245177256
Transform:
  m_ObjectHideFlags: 0
  m_CorrespondingSourceObject: {fileID: 0}
  m_PrefabInstance: {fileID: 0}
  m_PrefabAsset: {fileID: 0}
  m_GameObject: {fileID: 245177252}
  m_LocalRotation: {x: 0, y: 0, z: 0, w: 1}
  m_LocalPosition: {x: 0.025, y: -0.149, z: 1.472}
  m_LocalScale: {x: 2.1515, y: 1, z: 1}
  m_Children: []
  m_Father: {fileID: 0}
  m_RootOrder: 3
  m_LocalEulerAnglesHint: {x: 0, y: 0, z: 0}
--- !u!1 &403363636
GameObject:
  m_ObjectHideFlags: 0
  m_CorrespondingSourceObject: {fileID: 0}
  m_PrefabInstance: {fileID: 0}
  m_PrefabAsset: {fileID: 0}
  serializedVersion: 6
  m_Component:
  - component: {fileID: 403363638}
  - component: {fileID: 403363637}
  m_Layer: 0
  m_Name: Directional Light
  m_TagString: Untagged
  m_Icon: {fileID: 0}
  m_NavMeshLayer: 0
  m_StaticEditorFlags: 0
  m_IsActive: 1
--- !u!108 &403363637
Light:
  m_ObjectHideFlags: 0
  m_CorrespondingSourceObject: {fileID: 0}
  m_PrefabInstance: {fileID: 0}
  m_PrefabAsset: {fileID: 0}
  m_GameObject: {fileID: 403363636}
  m_Enabled: 1
  serializedVersion: 10
  m_Type: 1
  m_Shape: 0
  m_Color: {r: 1, g: 0.95686275, b: 0.8392157, a: 1}
  m_Intensity: 1
  m_Range: 10
  m_SpotAngle: 30
  m_InnerSpotAngle: 21.80208
  m_CookieSize: 10
  m_Shadows:
    m_Type: 2
    m_Resolution: -1
    m_CustomResolution: -1
    m_Strength: 1
    m_Bias: 0.05
    m_NormalBias: 0.4
    m_NearPlane: 0.2
    m_CullingMatrixOverride:
      e00: 1
      e01: 0
      e02: 0
      e03: 0
      e10: 0
      e11: 1
      e12: 0
      e13: 0
      e20: 0
      e21: 0
      e22: 1
      e23: 0
      e30: 0
      e31: 0
      e32: 0
      e33: 1
    m_UseCullingMatrixOverride: 0
  m_Cookie: {fileID: 0}
  m_DrawHalo: 0
  m_Flare: {fileID: 0}
  m_RenderMode: 0
  m_CullingMask:
    serializedVersion: 2
    m_Bits: 4294967295
  m_RenderingLayerMask: 1
  m_Lightmapping: 4
  m_LightShadowCasterMode: 0
  m_AreaSize: {x: 1, y: 1}
  m_BounceIntensity: 1
  m_ColorTemperature: 6570
  m_UseColorTemperature: 0
  m_BoundingSphereOverride: {x: 0, y: 0, z: 0, w: 0}
  m_UseBoundingSphereOverride: 0
  m_ShadowRadius: 0
  m_ShadowAngle: 0
--- !u!4 &403363638
Transform:
  m_ObjectHideFlags: 0
  m_CorrespondingSourceObject: {fileID: 0}
  m_PrefabInstance: {fileID: 0}
  m_PrefabAsset: {fileID: 0}
  m_GameObject: {fileID: 403363636}
  m_LocalRotation: {x: 0.40821788, y: -0.23456968, z: 0.10938163, w: 0.8754261}
  m_LocalPosition: {x: 0, y: 3, z: 0}
  m_LocalScale: {x: 1, y: 1, z: 1}
  m_Children: []
  m_Father: {fileID: 0}
  m_RootOrder: 0
  m_LocalEulerAnglesHint: {x: 50, y: -30, z: 0}
--- !u!1 &548521092
GameObject:
  m_ObjectHideFlags: 0
  m_CorrespondingSourceObject: {fileID: 0}
  m_PrefabInstance: {fileID: 0}
  m_PrefabAsset: {fileID: 0}
  serializedVersion: 6
  m_Component:
  - component: {fileID: 548521093}
  - component: {fileID: 548521097}
  - component: {fileID: 548521096}
  - component: {fileID: 548521095}
  - component: {fileID: 548521094}
  m_Layer: 0
  m_Name: RightHand Controller
  m_TagString: Untagged
  m_Icon: {fileID: 0}
  m_NavMeshLayer: 0
  m_StaticEditorFlags: 0
  m_IsActive: 1
--- !u!4 &548521093
Transform:
  m_ObjectHideFlags: 0
  m_CorrespondingSourceObject: {fileID: 0}
  m_PrefabInstance: {fileID: 0}
  m_PrefabAsset: {fileID: 0}
  m_GameObject: {fileID: 548521092}
  m_LocalRotation: {x: -0, y: -0, z: -0, w: 1}
  m_LocalPosition: {x: 0, y: 0, z: 0}
  m_LocalScale: {x: 1, y: 1, z: 1}
  m_Children: []
  m_Father: {fileID: 827005108}
  m_RootOrder: 2
  m_LocalEulerAnglesHint: {x: 0, y: 0, z: 0}
--- !u!114 &548521094
MonoBehaviour:
  m_ObjectHideFlags: 0
  m_CorrespondingSourceObject: {fileID: 0}
  m_PrefabInstance: {fileID: 0}
  m_PrefabAsset: {fileID: 0}
  m_GameObject: {fileID: 548521092}
  m_Enabled: 1
  m_EditorHideFlags: 0
  m_Script: {fileID: 11500000, guid: e988983f96fe1dd48800bcdfc82f23e9, type: 3}
  m_Name: 
  m_EditorClassIdentifier: 
  m_LineWidth: 0.02
  m_OverrideInteractorLineLength: 1
  m_LineLength: 10
  m_WidthCurve:
    serializedVersion: 2
    m_Curve:
    - serializedVersion: 3
      time: 0
      value: 1
      inSlope: 0
      outSlope: 0
      tangentMode: 0
      weightedMode: 0
      inWeight: 0
      outWeight: 0
    - serializedVersion: 3
      time: 1
      value: 1
      inSlope: 0
      outSlope: 0
      tangentMode: 0
      weightedMode: 0
      inWeight: 0
      outWeight: 0
    m_PreInfinity: 2
    m_PostInfinity: 2
    m_RotationOrder: 4
  m_ValidColorGradient:
    serializedVersion: 2
    key0: {r: 1, g: 1, b: 1, a: 1}
    key1: {r: 1, g: 1, b: 1, a: 1}
    key2: {r: 0, g: 0, b: 0, a: 0}
    key3: {r: 0, g: 0, b: 0, a: 0}
    key4: {r: 0, g: 0, b: 0, a: 0}
    key5: {r: 0, g: 0, b: 0, a: 0}
    key6: {r: 0, g: 0, b: 0, a: 0}
    key7: {r: 0, g: 0, b: 0, a: 0}
    ctime0: 0
    ctime1: 65535
    ctime2: 0
    ctime3: 0
    ctime4: 0
    ctime5: 0
    ctime6: 0
    ctime7: 0
    atime0: 0
    atime1: 65535
    atime2: 0
    atime3: 0
    atime4: 0
    atime5: 0
    atime6: 0
    atime7: 0
    m_Mode: 0
    m_NumColorKeys: 2
    m_NumAlphaKeys: 2
  m_InvalidColorGradient:
    serializedVersion: 2
    key0: {r: 1, g: 0, b: 0, a: 1}
    key1: {r: 1, g: 0, b: 0, a: 1}
    key2: {r: 0, g: 0, b: 0, a: 0}
    key3: {r: 0, g: 0, b: 0, a: 0}
    key4: {r: 0, g: 0, b: 0, a: 0}
    key5: {r: 0, g: 0, b: 0, a: 0}
    key6: {r: 0, g: 0, b: 0, a: 0}
    key7: {r: 0, g: 0, b: 0, a: 0}
    ctime0: 0
    ctime1: 65535
    ctime2: 0
    ctime3: 0
    ctime4: 0
    ctime5: 0
    ctime6: 0
    ctime7: 0
    atime0: 0
    atime1: 65535
    atime2: 0
    atime3: 0
    atime4: 0
    atime5: 0
    atime6: 0
    atime7: 0
    m_Mode: 0
    m_NumColorKeys: 2
    m_NumAlphaKeys: 2
  m_SmoothMovement: 0
  m_FollowTightness: 10
  m_SnapThresholdDistance: 10
  m_Reticle: {fileID: 0}
  m_StopLineAtFirstRaycastHit: 1
--- !u!120 &548521095
LineRenderer:
  m_ObjectHideFlags: 0
  m_CorrespondingSourceObject: {fileID: 0}
  m_PrefabInstance: {fileID: 0}
  m_PrefabAsset: {fileID: 0}
  m_GameObject: {fileID: 548521092}
  m_Enabled: 1
  m_CastShadows: 0
  m_ReceiveShadows: 0
  m_DynamicOccludee: 1
  m_MotionVectors: 0
  m_LightProbeUsage: 0
  m_ReflectionProbeUsage: 0
  m_RayTracingMode: 0
  m_RayTraceProcedural: 0
  m_RenderingLayerMask: 1
  m_RendererPriority: 0
  m_Materials:
  - {fileID: 10306, guid: 0000000000000000f000000000000000, type: 0}
  m_StaticBatchInfo:
    firstSubMesh: 0
    subMeshCount: 0
  m_StaticBatchRoot: {fileID: 0}
  m_ProbeAnchor: {fileID: 0}
  m_LightProbeVolumeOverride: {fileID: 0}
  m_ScaleInLightmap: 1
  m_ReceiveGI: 1
  m_PreserveUVs: 0
  m_IgnoreNormalsForChartDetection: 0
  m_ImportantGI: 0
  m_StitchLightmapSeams: 1
  m_SelectedEditorRenderState: 3
  m_MinimumChartSize: 4
  m_AutoUVMaxDistance: 0.5
  m_AutoUVMaxAngle: 89
  m_LightmapParameters: {fileID: 0}
  m_SortingLayerID: 0
  m_SortingLayer: 0
  m_SortingOrder: 5
  m_Positions: []
  m_Parameters:
    serializedVersion: 3
    widthMultiplier: 0.005
    widthCurve:
      serializedVersion: 2
      m_Curve:
      - serializedVersion: 3
        time: 0
        value: 1
        inSlope: 0
        outSlope: 0
        tangentMode: 0
        weightedMode: 0
        inWeight: 0
        outWeight: 0
      - serializedVersion: 3
        time: 1
        value: 1
        inSlope: 0
        outSlope: 0
        tangentMode: 0
        weightedMode: 0
        inWeight: 0
        outWeight: 0
      m_PreInfinity: 2
      m_PostInfinity: 2
      m_RotationOrder: 4
    colorGradient:
      serializedVersion: 2
      key0: {r: 0, g: 0, b: 1, a: 1}
      key1: {r: 0, g: 0, b: 1, a: 1}
      key2: {r: 0, g: 0, b: 0, a: 0}
      key3: {r: 0, g: 0, b: 0, a: 0}
      key4: {r: 0, g: 0, b: 0, a: 0}
      key5: {r: 0, g: 0, b: 0, a: 0}
      key6: {r: 0, g: 0, b: 0, a: 0}
      key7: {r: 0, g: 0, b: 0, a: 0}
      ctime0: 0
      ctime1: 65535
      ctime2: 0
      ctime3: 0
      ctime4: 0
      ctime5: 0
      ctime6: 0
      ctime7: 0
      atime0: 0
      atime1: 65535
      atime2: 0
      atime3: 0
      atime4: 0
      atime5: 0
      atime6: 0
      atime7: 0
      m_Mode: 0
      m_NumColorKeys: 2
      m_NumAlphaKeys: 2
    numCornerVertices: 4
    numCapVertices: 4
    alignment: 0
    textureMode: 0
    shadowBias: 0.5
    generateLightingData: 0
  m_UseWorldSpace: 1
  m_Loop: 0
--- !u!114 &548521096
MonoBehaviour:
  m_ObjectHideFlags: 0
  m_CorrespondingSourceObject: {fileID: 0}
  m_PrefabInstance: {fileID: 0}
  m_PrefabAsset: {fileID: 0}
  m_GameObject: {fileID: 548521092}
  m_Enabled: 1
  m_EditorHideFlags: 0
  m_Script: {fileID: 11500000, guid: 6803edce0201f574f923fd9d10e5b30a, type: 3}
  m_Name: 
  m_EditorClassIdentifier: 
  m_InteractionManager: {fileID: 1430802034}
  m_InteractionLayerMask:
    serializedVersion: 2
    m_Bits: 4294967295
  m_AttachTransform: {fileID: 0}
  m_StartingSelectedInteractable: {fileID: 0}
  m_OnHoverEnter:
    m_PersistentCalls:
      m_Calls: []
  m_OnHoverExit:
    m_PersistentCalls:
      m_Calls: []
  m_OnSelectEnter:
    m_PersistentCalls:
      m_Calls: []
  m_OnSelectExit:
    m_PersistentCalls:
      m_Calls: []
  m_SelectActionTrigger: 1
  m_HideControllerOnSelect: 0
  m_PlayAudioClipOnSelectEnter: 0
  m_AudioClipForOnSelectEnter: {fileID: 0}
  m_PlayAudioClipOnSelectExit: 0
  m_AudioClipForOnSelectExit: {fileID: 0}
  m_PlayAudioClipOnHoverEnter: 0
  m_AudioClipForOnHoverEnter: {fileID: 0}
  m_PlayAudioClipOnHoverExit: 0
  m_AudioClipForOnHoverExit: {fileID: 0}
  m_PlayHapticsOnSelectEnter: 0
  m_HapticSelectEnterIntensity: 0
  m_HapticSelectEnterDuration: 0
  m_PlayHapticsOnSelectExit: 0
  m_HapticSelectExitIntensity: 0
  m_HapticSelectExitDuration: 0
  m_PlayHapticsOnHoverEnter: 0
  m_HapticHoverEnterIntensity: 0
  m_HapticHoverEnterDuration: 0
  m_PlayHapticsOnHoverExit: 0
  m_HapticHoverExitIntensity: 0
  m_HapticHoverExitDuration: 0
  m_LineType: 0
  m_MaxRaycastDistance: 30
  m_ReferenceFrame: {fileID: 0}
  m_Velocity: 16
  m_Acceleration: 9.8
  m_AdditionalFlightTime: 0.5
  m_EndPointDistance: 30
  m_EndPointHeight: -10
  m_ControlPointDistance: 10
  m_ControlPointHeight: 5
  m_SampleFrequency: 20
  m_HitDetectionType: 0
  m_SphereCastRadius: 0
  m_RaycastMask:
    serializedVersion: 2
    m_Bits: 4294967295
  m_RaycastTriggerInteraction: 1
  m_HoverToSelect: 0
  m_HoverTimeToSelect: 0.5
  m_EnableUIInteraction: 1
--- !u!114 &548521097
MonoBehaviour:
  m_ObjectHideFlags: 0
  m_CorrespondingSourceObject: {fileID: 0}
  m_PrefabInstance: {fileID: 0}
  m_PrefabAsset: {fileID: 0}
  m_GameObject: {fileID: 548521092}
  m_Enabled: 1
  m_EditorHideFlags: 0
  m_Script: {fileID: 11500000, guid: 1ae26e19cd956134bbdf3c6f65bf393a, type: 3}
  m_Name: 
  m_EditorClassIdentifier: 
  m_UpdateTrackingType: 0
  m_EnableInputActions: 1
  m_PoseProvider: {fileID: 0}
  m_ControllerNode: 5
  m_SelectUsage: 3
  m_ActivateUsage: 2
  m_UIPressUsage: 2
  m_AxisToPressThreshold: 0.1
  m_ModelPrefab: {fileID: 0}
  m_ModelTransform: {fileID: 0}
  m_AnimateModel: 0
  m_ModelSelectTransition: 
  m_ModelDeSelectTransition: 
--- !u!1 &560786793
GameObject:
  m_ObjectHideFlags: 0
  m_CorrespondingSourceObject: {fileID: 0}
  m_PrefabInstance: {fileID: 0}
  m_PrefabAsset: {fileID: 0}
  serializedVersion: 6
  m_Component:
  - component: {fileID: 560786797}
  - component: {fileID: 560786796}
  - component: {fileID: 560786795}
  - component: {fileID: 560786794}
  m_Layer: 0
  m_Name: Cube
  m_TagString: Untagged
  m_Icon: {fileID: 0}
  m_NavMeshLayer: 0
  m_StaticEditorFlags: 0
  m_IsActive: 1
--- !u!65 &560786794
BoxCollider:
  m_ObjectHideFlags: 0
  m_CorrespondingSourceObject: {fileID: 0}
  m_PrefabInstance: {fileID: 0}
  m_PrefabAsset: {fileID: 0}
  m_GameObject: {fileID: 560786793}
  m_Material: {fileID: 0}
  m_IsTrigger: 0
  m_Enabled: 1
  serializedVersion: 2
  m_Size: {x: 1, y: 1, z: 1}
  m_Center: {x: 0, y: 0, z: 0}
--- !u!23 &560786795
MeshRenderer:
  m_ObjectHideFlags: 0
  m_CorrespondingSourceObject: {fileID: 0}
  m_PrefabInstance: {fileID: 0}
  m_PrefabAsset: {fileID: 0}
  m_GameObject: {fileID: 560786793}
  m_Enabled: 1
  m_CastShadows: 1
  m_ReceiveShadows: 1
  m_DynamicOccludee: 1
  m_MotionVectors: 1
  m_LightProbeUsage: 1
  m_ReflectionProbeUsage: 1
  m_RayTracingMode: 2
  m_RayTraceProcedural: 0
  m_RenderingLayerMask: 1
  m_RendererPriority: 0
  m_Materials:
  - {fileID: 2100000, guid: 0a68c3d34f6da8a4e91e2241e45cc21e, type: 2}
  m_StaticBatchInfo:
    firstSubMesh: 0
    subMeshCount: 0
  m_StaticBatchRoot: {fileID: 0}
  m_ProbeAnchor: {fileID: 0}
  m_LightProbeVolumeOverride: {fileID: 0}
  m_ScaleInLightmap: 1
  m_ReceiveGI: 1
  m_PreserveUVs: 0
  m_IgnoreNormalsForChartDetection: 0
  m_ImportantGI: 0
  m_StitchLightmapSeams: 1
  m_SelectedEditorRenderState: 3
  m_MinimumChartSize: 4
  m_AutoUVMaxDistance: 0.5
  m_AutoUVMaxAngle: 89
  m_LightmapParameters: {fileID: 0}
  m_SortingLayerID: 0
  m_SortingLayer: 0
  m_SortingOrder: 0
  m_AdditionalVertexStreams: {fileID: 0}
--- !u!33 &560786796
MeshFilter:
  m_ObjectHideFlags: 0
  m_CorrespondingSourceObject: {fileID: 0}
  m_PrefabInstance: {fileID: 0}
  m_PrefabAsset: {fileID: 0}
  m_GameObject: {fileID: 560786793}
  m_Mesh: {fileID: 10202, guid: 0000000000000000e000000000000000, type: 0}
--- !u!4 &560786797
Transform:
  m_ObjectHideFlags: 0
  m_CorrespondingSourceObject: {fileID: 0}
  m_PrefabInstance: {fileID: 0}
  m_PrefabAsset: {fileID: 0}
  m_GameObject: {fileID: 560786793}
  m_LocalRotation: {x: 0, y: 0, z: 0, w: 1}
  m_LocalPosition: {x: 0, y: -0.331, z: 0}
  m_LocalScale: {x: 10.492, y: 0.45317, z: 13.147091}
  m_Children: []
  m_Father: {fileID: 0}
  m_RootOrder: 1
  m_LocalEulerAnglesHint: {x: 0, y: 0, z: 0}
--- !u!1001 &584693810
PrefabInstance:
  m_ObjectHideFlags: 0
  serializedVersion: 2
  m_Modification:
    m_TransformParent: {fileID: 0}
    m_Modifications:
    - target: {fileID: -8679921383154817045, guid: 368c37b4997a5a74ebeb49508080981a, type: 3}
      propertyPath: m_LocalPosition.x
      value: 0
      objectReference: {fileID: 0}
    - target: {fileID: -8679921383154817045, guid: 368c37b4997a5a74ebeb49508080981a, type: 3}
      propertyPath: m_LocalPosition.y
      value: 0.403
      objectReference: {fileID: 0}
    - target: {fileID: -8679921383154817045, guid: 368c37b4997a5a74ebeb49508080981a, type: 3}
      propertyPath: m_LocalPosition.z
      value: 1.226
      objectReference: {fileID: 0}
    - target: {fileID: -8679921383154817045, guid: 368c37b4997a5a74ebeb49508080981a, type: 3}
      propertyPath: m_LocalRotation.x
      value: 0
      objectReference: {fileID: 0}
    - target: {fileID: -8679921383154817045, guid: 368c37b4997a5a74ebeb49508080981a, type: 3}
      propertyPath: m_LocalRotation.y
      value: 0
      objectReference: {fileID: 0}
    - target: {fileID: -8679921383154817045, guid: 368c37b4997a5a74ebeb49508080981a, type: 3}
      propertyPath: m_LocalRotation.z
      value: 0
      objectReference: {fileID: 0}
    - target: {fileID: -8679921383154817045, guid: 368c37b4997a5a74ebeb49508080981a, type: 3}
      propertyPath: m_LocalRotation.w
      value: 1
      objectReference: {fileID: 0}
    - target: {fileID: -8679921383154817045, guid: 368c37b4997a5a74ebeb49508080981a, type: 3}
      propertyPath: m_RootOrder
      value: 4
      objectReference: {fileID: 0}
    - target: {fileID: -8679921383154817045, guid: 368c37b4997a5a74ebeb49508080981a, type: 3}
      propertyPath: m_LocalEulerAnglesHint.x
      value: 0
      objectReference: {fileID: 0}
    - target: {fileID: -8679921383154817045, guid: 368c37b4997a5a74ebeb49508080981a, type: 3}
      propertyPath: m_LocalEulerAnglesHint.y
      value: 0
      objectReference: {fileID: 0}
    - target: {fileID: -8679921383154817045, guid: 368c37b4997a5a74ebeb49508080981a, type: 3}
      propertyPath: m_LocalEulerAnglesHint.z
      value: 0
      objectReference: {fileID: 0}
    - target: {fileID: -8679921383154817045, guid: 368c37b4997a5a74ebeb49508080981a, type: 3}
      propertyPath: m_LocalScale.x
      value: 2
      objectReference: {fileID: 0}
    - target: {fileID: -8679921383154817045, guid: 368c37b4997a5a74ebeb49508080981a, type: 3}
      propertyPath: m_LocalScale.y
      value: 2
      objectReference: {fileID: 0}
    - target: {fileID: -8679921383154817045, guid: 368c37b4997a5a74ebeb49508080981a, type: 3}
      propertyPath: m_LocalScale.z
      value: 2
      objectReference: {fileID: 0}
    - target: {fileID: 919132149155446097, guid: 368c37b4997a5a74ebeb49508080981a, type: 3}
      propertyPath: m_Name
      value: knife
      objectReference: {fileID: 0}
    - target: {fileID: 8719157564979434802, guid: 368c37b4997a5a74ebeb49508080981a, type: 3}
      propertyPath: m_Enabled
      value: 0
      objectReference: {fileID: 0}
    m_RemovedComponents: []
  m_SourcePrefab: {fileID: 100100000, guid: 368c37b4997a5a74ebeb49508080981a, type: 3}
--- !u!1 &584693811 stripped
GameObject:
  m_CorrespondingSourceObject: {fileID: 919132149155446097, guid: 368c37b4997a5a74ebeb49508080981a, type: 3}
  m_PrefabInstance: {fileID: 584693810}
  m_PrefabAsset: {fileID: 0}
--- !u!1 &584693812 stripped
GameObject:
  m_CorrespondingSourceObject: {fileID: 1537382693809299109, guid: 368c37b4997a5a74ebeb49508080981a, type: 3}
  m_PrefabInstance: {fileID: 584693810}
  m_PrefabAsset: {fileID: 0}
--- !u!114 &584693813
MonoBehaviour:
  m_ObjectHideFlags: 0
  m_CorrespondingSourceObject: {fileID: 0}
  m_PrefabInstance: {fileID: 0}
  m_PrefabAsset: {fileID: 0}
  m_GameObject: {fileID: 584693811}
  m_Enabled: 1
  m_EditorHideFlags: 0
  m_Script: {fileID: 11500000, guid: 0ad34abafad169848a38072baa96cdb2, type: 3}
  m_Name: 
  m_EditorClassIdentifier: 
  m_InteractionManager: {fileID: 1430802034}
  m_Colliders: []
  m_InteractionLayerMask:
    serializedVersion: 2
    m_Bits: 4294967295
  m_OnFirstHoverEnter:
    m_PersistentCalls:
      m_Calls: []
  m_OnHoverEnter:
    m_PersistentCalls:
      m_Calls: []
  m_OnHoverExit:
    m_PersistentCalls:
      m_Calls: []
  m_OnLastHoverExit:
    m_PersistentCalls:
      m_Calls: []
  m_OnSelectEnter:
    m_PersistentCalls:
      m_Calls: []
  m_OnSelectExit:
    m_PersistentCalls:
      m_Calls: []
  m_OnActivate:
    m_PersistentCalls:
      m_Calls: []
  m_OnDeactivate:
    m_PersistentCalls:
      m_Calls: []
  m_CustomReticle: {fileID: 0}
  m_AttachTransform: {fileID: 0}
  m_AttachEaseInTime: 0.15
  m_MovementType: 1
  m_TrackPosition: 1
  m_SmoothPosition: 0
  m_SmoothPositionAmount: 5
  m_TightenPosition: 0.5
  m_TrackRotation: 1
  m_SmoothRotation: 0
  m_SmoothRotationAmount: 5
  m_TightenRotation: 0.5
  m_ThrowOnDetach: 1
  m_ThrowSmoothingDuration: 0.25
  m_ThrowSmoothingCurve:
    serializedVersion: 2
    m_Curve:
    - serializedVersion: 3
      time: 1
      value: 1
      inSlope: 0
      outSlope: 0
      tangentMode: 0
      weightedMode: 0
      inWeight: 0
      outWeight: 0
    m_PreInfinity: 2
    m_PostInfinity: 2
    m_RotationOrder: 4
  m_ThrowVelocityScale: 1.5
  m_ThrowAngularVelocityScale: 0.25
  m_GravityOnDetach: 0
  m_RetainTransformParent: 1
--- !u!54 &584693814
Rigidbody:
  m_ObjectHideFlags: 0
  m_CorrespondingSourceObject: {fileID: 0}
  m_PrefabInstance: {fileID: 0}
  m_PrefabAsset: {fileID: 0}
  m_GameObject: {fileID: 584693811}
  serializedVersion: 2
  m_Mass: 1
  m_Drag: 0
  m_AngularDrag: 0.05
  m_UseGravity: 1
  m_IsKinematic: 0
  m_Interpolate: 0
  m_Constraints: 0
  m_CollisionDetection: 0
--- !u!114 &584693815
MonoBehaviour:
  m_ObjectHideFlags: 0
  m_CorrespondingSourceObject: {fileID: 0}
  m_PrefabInstance: {fileID: 0}
  m_PrefabAsset: {fileID: 0}
  m_GameObject: {fileID: 584693811}
  m_Enabled: 0
  m_EditorHideFlags: 0
  m_Script: {fileID: 11500000, guid: b93b6a877adcbf94c89a9d6e0c0e844d, type: 3}
  m_Name: 
  m_EditorClassIdentifier: 
  activateActionSetOnAttach:
    actionSetPath: 
  hideHandOnAttach: 1
  hideSkeletonOnAttach: 0
  hideControllerOnAttach: 0
  handAnimationOnPickup: 0
  setRangeOfMotionOnPickup: -1
  useHandObjectAttachmentPoint: 1
  attachEaseIn: 0
  snapAttachEaseInCurve:
    serializedVersion: 2
    m_Curve:
    - serializedVersion: 3
      time: 0
      value: 0
      inSlope: 0
      outSlope: 0
      tangentMode: 0
      weightedMode: 0
      inWeight: 0
      outWeight: 0
    - serializedVersion: 3
      time: 1
      value: 1
      inSlope: 0
      outSlope: 0
      tangentMode: 0
      weightedMode: 0
      inWeight: 0
      outWeight: 0
    m_PreInfinity: 2
    m_PostInfinity: 2
    m_RotationOrder: 4
  snapAttachEaseInTime: 0.15
  snapAttachEaseInCompleted: 0
  skeletonPoser: {fileID: 0}
  handFollowTransform: 1
  highlightOnHover: 1
  hideHighlight: []
  hoverPriority: 0
--- !u!65 &584693816
BoxCollider:
  m_ObjectHideFlags: 0
  m_CorrespondingSourceObject: {fileID: 0}
  m_PrefabInstance: {fileID: 0}
  m_PrefabAsset: {fileID: 0}
  m_GameObject: {fileID: 584693812}
  m_Material: {fileID: 0}
  m_IsTrigger: 0
  m_Enabled: 1
  serializedVersion: 2
  m_Size: {x: 1.8, y: 0.65106785, z: 0.11308552}
  m_Center: {x: 0, y: 4.0176056e-16, z: 0.05654276}
--- !u!1 &743934801
GameObject:
  m_ObjectHideFlags: 0
  m_CorrespondingSourceObject: {fileID: 0}
  m_PrefabInstance: {fileID: 0}
  m_PrefabAsset: {fileID: 0}
  serializedVersion: 6
  m_Component:
  - component: {fileID: 743934805}
  - component: {fileID: 743934804}
  - component: {fileID: 743934803}
  - component: {fileID: 743934802}
  - component: {fileID: 743934806}
  m_Layer: 0
  m_Name: Plane
  m_TagString: Untagged
  m_Icon: {fileID: 0}
  m_NavMeshLayer: 0
  m_StaticEditorFlags: 0
  m_IsActive: 0
--- !u!64 &743934802
MeshCollider:
  m_ObjectHideFlags: 0
  m_CorrespondingSourceObject: {fileID: 0}
  m_PrefabInstance: {fileID: 0}
  m_PrefabAsset: {fileID: 0}
  m_GameObject: {fileID: 743934801}
  m_Material: {fileID: 0}
  m_IsTrigger: 0
  m_Enabled: 1
  serializedVersion: 4
  m_Convex: 0
  m_CookingOptions: 30
  m_Mesh: {fileID: 10209, guid: 0000000000000000e000000000000000, type: 0}
--- !u!23 &743934803
MeshRenderer:
  m_ObjectHideFlags: 0
  m_CorrespondingSourceObject: {fileID: 0}
  m_PrefabInstance: {fileID: 0}
  m_PrefabAsset: {fileID: 0}
  m_GameObject: {fileID: 743934801}
  m_Enabled: 1
  m_CastShadows: 1
  m_ReceiveShadows: 1
  m_DynamicOccludee: 1
  m_MotionVectors: 1
  m_LightProbeUsage: 1
  m_ReflectionProbeUsage: 1
  m_RayTracingMode: 2
  m_RayTraceProcedural: 0
  m_RenderingLayerMask: 1
  m_RendererPriority: 0
  m_Materials:
  - {fileID: 2100000, guid: d2bbbd01c5b7a6b4bb5a1316f21fc1ff, type: 2}
  m_StaticBatchInfo:
    firstSubMesh: 0
    subMeshCount: 0
  m_StaticBatchRoot: {fileID: 0}
  m_ProbeAnchor: {fileID: 0}
  m_LightProbeVolumeOverride: {fileID: 0}
  m_ScaleInLightmap: 1
  m_ReceiveGI: 1
  m_PreserveUVs: 0
  m_IgnoreNormalsForChartDetection: 0
  m_ImportantGI: 0
  m_StitchLightmapSeams: 1
  m_SelectedEditorRenderState: 3
  m_MinimumChartSize: 4
  m_AutoUVMaxDistance: 0.5
  m_AutoUVMaxAngle: 89
  m_LightmapParameters: {fileID: 0}
  m_SortingLayerID: 0
  m_SortingLayer: 0
  m_SortingOrder: 0
  m_AdditionalVertexStreams: {fileID: 0}
--- !u!33 &743934804
MeshFilter:
  m_ObjectHideFlags: 0
  m_CorrespondingSourceObject: {fileID: 0}
  m_PrefabInstance: {fileID: 0}
  m_PrefabAsset: {fileID: 0}
  m_GameObject: {fileID: 743934801}
  m_Mesh: {fileID: 10209, guid: 0000000000000000e000000000000000, type: 0}
--- !u!4 &743934805
Transform:
  m_ObjectHideFlags: 0
  m_CorrespondingSourceObject: {fileID: 0}
  m_PrefabInstance: {fileID: 0}
  m_PrefabAsset: {fileID: 0}
  m_GameObject: {fileID: 743934801}
  m_LocalRotation: {x: 0, y: 0, z: 0, w: 1}
  m_LocalPosition: {x: 0, y: -0.08, z: 0}
  m_LocalScale: {x: 1, y: 1, z: 1}
  m_Children: []
  m_Father: {fileID: 0}
  m_RootOrder: 8
  m_LocalEulerAnglesHint: {x: 0, y: 0, z: 0}
--- !u!114 &743934806
MonoBehaviour:
  m_ObjectHideFlags: 0
  m_CorrespondingSourceObject: {fileID: 0}
  m_PrefabInstance: {fileID: 0}
  m_PrefabAsset: {fileID: 0}
  m_GameObject: {fileID: 743934801}
  m_Enabled: 1
  m_EditorHideFlags: 0
  m_Script: {fileID: 11500000, guid: 84a4f15a3179f1d4993aded11f4d0232, type: 3}
  m_Name: 
  m_EditorClassIdentifier: 
  locked: 0
  markerActive: 1
--- !u!1 &827005107
GameObject:
  m_ObjectHideFlags: 0
  m_CorrespondingSourceObject: {fileID: 0}
  m_PrefabInstance: {fileID: 0}
  m_PrefabAsset: {fileID: 0}
  serializedVersion: 6
  m_Component:
  - component: {fileID: 827005108}
  m_Layer: 0
  m_Name: Camera Offset
  m_TagString: Untagged
  m_Icon: {fileID: 0}
  m_NavMeshLayer: 0
  m_StaticEditorFlags: 0
  m_IsActive: 1
--- !u!4 &827005108
Transform:
  m_ObjectHideFlags: 0
  m_CorrespondingSourceObject: {fileID: 0}
  m_PrefabInstance: {fileID: 0}
  m_PrefabAsset: {fileID: 0}
  m_GameObject: {fileID: 827005107}
  m_LocalRotation: {x: -0, y: -0, z: -0, w: 1}
  m_LocalPosition: {x: 0, y: 0, z: 0}
  m_LocalScale: {x: 1, y: 1, z: 1}
  m_Children:
  - {fileID: 1182095906}
  - {fileID: 129904915}
  - {fileID: 548521093}
  m_Father: {fileID: 1539328646}
  m_RootOrder: 0
  m_LocalEulerAnglesHint: {x: 0, y: 0, z: 0}
--- !u!1 &1182095902
GameObject:
  m_ObjectHideFlags: 0
  m_CorrespondingSourceObject: {fileID: 0}
  m_PrefabInstance: {fileID: 0}
  m_PrefabAsset: {fileID: 0}
  serializedVersion: 6
  m_Component:
  - component: {fileID: 1182095906}
  - component: {fileID: 1182095905}
  - component: {fileID: 1182095904}
  - component: {fileID: 1182095903}
  m_Layer: 0
  m_Name: Main Camera
  m_TagString: MainCamera
  m_Icon: {fileID: 0}
  m_NavMeshLayer: 0
  m_StaticEditorFlags: 0
  m_IsActive: 1
--- !u!114 &1182095903
MonoBehaviour:
  m_ObjectHideFlags: 0
  m_CorrespondingSourceObject: {fileID: 0}
  m_PrefabInstance: {fileID: 0}
  m_PrefabAsset: {fileID: 0}
  m_GameObject: {fileID: 1182095902}
  m_Enabled: 1
  m_EditorHideFlags: 0
  m_Script: {fileID: 11500000, guid: a79441f348de89743a2939f4d699eac1, type: 3}
  m_Name: 
  m_EditorClassIdentifier: 
  m_RenderShadows: 1
  m_RequiresDepthTextureOption: 2
  m_RequiresOpaqueTextureOption: 2
  m_CameraType: 0
  m_Cameras: []
  m_RendererIndex: -1
  m_VolumeLayerMask:
    serializedVersion: 2
    m_Bits: 1
  m_VolumeTrigger: {fileID: 0}
  m_RenderPostProcessing: 0
  m_Antialiasing: 0
  m_AntialiasingQuality: 2
  m_StopNaN: 0
  m_Dithering: 0
  m_ClearDepth: 1
  m_RequiresDepthTexture: 0
  m_RequiresColorTexture: 0
  m_Version: 2
--- !u!114 &1182095904
MonoBehaviour:
  m_ObjectHideFlags: 0
  m_CorrespondingSourceObject: {fileID: 0}
  m_PrefabInstance: {fileID: 0}
  m_PrefabAsset: {fileID: 0}
  m_GameObject: {fileID: 1182095902}
  m_Enabled: 1
  m_EditorHideFlags: 0
  m_Script: {fileID: 11500000, guid: 5a2a9c34df4095f47b9ca8f975175f5b, type: 3}
  m_Name: 
  m_EditorClassIdentifier: 
  m_Device: 0
  m_PoseSource: 2
  m_PoseProviderComponent: {fileID: 0}
  m_TrackingType: 0
  m_UpdateType: 0
  m_UseRelativeTransform: 0
--- !u!20 &1182095905
Camera:
  m_ObjectHideFlags: 0
  m_CorrespondingSourceObject: {fileID: 0}
  m_PrefabInstance: {fileID: 0}
  m_PrefabAsset: {fileID: 0}
  m_GameObject: {fileID: 1182095902}
  m_Enabled: 1
  serializedVersion: 2
  m_ClearFlags: 1
  m_BackGroundColor: {r: 0.19215687, g: 0.3019608, b: 0.4745098, a: 0}
  m_projectionMatrixMode: 1
  m_GateFitMode: 2
  m_FOVAxisMode: 0
  m_SensorSize: {x: 36, y: 24}
  m_LensShift: {x: 0, y: 0}
  m_FocalLength: 50
  m_NormalizedViewPortRect:
    serializedVersion: 2
    x: 0
    y: 0
    width: 1
    height: 1
  near clip plane: 0.3
  far clip plane: 1000
  field of view: 60
  orthographic: 0
  orthographic size: 5
  m_Depth: 0
  m_CullingMask:
    serializedVersion: 2
    m_Bits: 4294967295
  m_RenderingPath: -1
  m_TargetTexture: {fileID: 0}
  m_TargetDisplay: 0
  m_TargetEye: 3
  m_HDR: 1
  m_AllowMSAA: 1
  m_AllowDynamicResolution: 0
  m_ForceIntoRT: 0
  m_OcclusionCulling: 1
  m_StereoConvergence: 10
  m_StereoSeparation: 0.022
--- !u!4 &1182095906
Transform:
  m_ObjectHideFlags: 0
  m_CorrespondingSourceObject: {fileID: 0}
  m_PrefabInstance: {fileID: 0}
  m_PrefabAsset: {fileID: 0}
  m_GameObject: {fileID: 1182095902}
  m_LocalRotation: {x: 0, y: 0, z: 0, w: 1}
  m_LocalPosition: {x: 0, y: 0, z: 0}
  m_LocalScale: {x: 1, y: 1, z: 1}
  m_Children: []
  m_Father: {fileID: 827005108}
  m_RootOrder: 0
  m_LocalEulerAnglesHint: {x: 0, y: 0, z: 0}
--- !u!1 &1430802033
GameObject:
  m_ObjectHideFlags: 0
  m_CorrespondingSourceObject: {fileID: 0}
  m_PrefabInstance: {fileID: 0}
  m_PrefabAsset: {fileID: 0}
  serializedVersion: 6
  m_Component:
  - component: {fileID: 1430802035}
  - component: {fileID: 1430802034}
  m_Layer: 0
  m_Name: Interaction Manager
  m_TagString: Untagged
  m_Icon: {fileID: 0}
  m_NavMeshLayer: 0
  m_StaticEditorFlags: 0
  m_IsActive: 1
--- !u!114 &1430802034
MonoBehaviour:
  m_ObjectHideFlags: 0
  m_CorrespondingSourceObject: {fileID: 0}
  m_PrefabInstance: {fileID: 0}
  m_PrefabAsset: {fileID: 0}
  m_GameObject: {fileID: 1430802033}
  m_Enabled: 1
  m_EditorHideFlags: 0
  m_Script: {fileID: 11500000, guid: 83e4e6cca11330d4088d729ab4fc9d9f, type: 3}
  m_Name: 
  m_EditorClassIdentifier: 
--- !u!4 &1430802035
Transform:
  m_ObjectHideFlags: 0
  m_CorrespondingSourceObject: {fileID: 0}
  m_PrefabInstance: {fileID: 0}
  m_PrefabAsset: {fileID: 0}
  m_GameObject: {fileID: 1430802033}
  m_LocalRotation: {x: 0, y: 0, z: 0, w: 1}
  m_LocalPosition: {x: 0, y: 0, z: 0}
  m_LocalScale: {x: 1, y: 1, z: 1}
  m_Children: []
  m_Father: {fileID: 0}
  m_RootOrder: 6
  m_LocalEulerAnglesHint: {x: 0, y: 0, z: 0}
--- !u!1 &1539328644
GameObject:
  m_ObjectHideFlags: 0
  m_CorrespondingSourceObject: {fileID: 0}
  m_PrefabInstance: {fileID: 0}
  m_PrefabAsset: {fileID: 0}
  serializedVersion: 6
  m_Component:
  - component: {fileID: 1539328646}
  - component: {fileID: 1539328645}
  m_Layer: 0
  m_Name: XR Rig
  m_TagString: Untagged
  m_Icon: {fileID: 0}
  m_NavMeshLayer: 0
  m_StaticEditorFlags: 0
  m_IsActive: 1
--- !u!114 &1539328645
MonoBehaviour:
  m_ObjectHideFlags: 0
  m_CorrespondingSourceObject: {fileID: 0}
  m_PrefabInstance: {fileID: 0}
  m_PrefabAsset: {fileID: 0}
  m_GameObject: {fileID: 1539328644}
  m_Enabled: 1
  m_EditorHideFlags: 0
  m_Script: {fileID: 11500000, guid: 7448815bd5148434682b3d931066cd10, type: 3}
  m_Name: 
  m_EditorClassIdentifier: 
  m_RigBaseGameObject: {fileID: 1539328644}
  m_CameraFloorOffsetObject: {fileID: 827005107}
  m_CameraGameObject: {fileID: 1182095902}
  m_TrackingOriginMode: 1
  m_TrackingSpace: 3
  m_CameraYOffset: 1.36144
--- !u!4 &1539328646
Transform:
  m_ObjectHideFlags: 0
  m_CorrespondingSourceObject: {fileID: 0}
  m_PrefabInstance: {fileID: 0}
  m_PrefabAsset: {fileID: 0}
  m_GameObject: {fileID: 1539328644}
  m_LocalRotation: {x: 0, y: 0, z: 0, w: 1}
  m_LocalPosition: {x: 0, y: 0, z: 0}
  m_LocalScale: {x: 1, y: 1, z: 1}
  m_Children:
  - {fileID: 827005108}
  m_Father: {fileID: 0}
  m_RootOrder: 10
  m_LocalEulerAnglesHint: {x: 0, y: 0, z: 0}
--- !u!1 &1718928090
GameObject:
  m_ObjectHideFlags: 0
  m_CorrespondingSourceObject: {fileID: 0}
  m_PrefabInstance: {fileID: 0}
  m_PrefabAsset: {fileID: 0}
  serializedVersion: 6
  m_Component:
  - component: {fileID: 1718928094}
  - component: {fileID: 1718928093}
  - component: {fileID: 1718928092}
  - component: {fileID: 1718928091}
  - component: {fileID: 1718928095}
  m_Layer: 0
  m_Name: Sphere Drop Zone
  m_TagString: Untagged
  m_Icon: {fileID: 0}
  m_NavMeshLayer: 0
  m_StaticEditorFlags: 0
  m_IsActive: 1
--- !u!135 &1718928091
SphereCollider:
  m_ObjectHideFlags: 0
  m_CorrespondingSourceObject: {fileID: 0}
  m_PrefabInstance: {fileID: 0}
  m_PrefabAsset: {fileID: 0}
  m_GameObject: {fileID: 1718928090}
  m_Material: {fileID: 0}
  m_IsTrigger: 1
  m_Enabled: 1
  serializedVersion: 2
  m_Radius: 0.5
  m_Center: {x: 0, y: 0, z: 0}
--- !u!23 &1718928092
MeshRenderer:
  m_ObjectHideFlags: 0
  m_CorrespondingSourceObject: {fileID: 0}
  m_PrefabInstance: {fileID: 0}
  m_PrefabAsset: {fileID: 0}
  m_GameObject: {fileID: 1718928090}
  m_Enabled: 1
  m_CastShadows: 1
  m_ReceiveShadows: 1
  m_DynamicOccludee: 1
  m_MotionVectors: 1
  m_LightProbeUsage: 1
  m_ReflectionProbeUsage: 1
  m_RayTracingMode: 2
  m_RayTraceProcedural: 0
  m_RenderingLayerMask: 1
  m_RendererPriority: 0
  m_Materials:
  - {fileID: 2100000, guid: b750ee3143683d34999214ff9edca377, type: 2}
  m_StaticBatchInfo:
    firstSubMesh: 0
    subMeshCount: 0
  m_StaticBatchRoot: {fileID: 0}
  m_ProbeAnchor: {fileID: 0}
  m_LightProbeVolumeOverride: {fileID: 0}
  m_ScaleInLightmap: 1
  m_ReceiveGI: 1
  m_PreserveUVs: 0
  m_IgnoreNormalsForChartDetection: 0
  m_ImportantGI: 0
  m_StitchLightmapSeams: 1
  m_SelectedEditorRenderState: 3
  m_MinimumChartSize: 4
  m_AutoUVMaxDistance: 0.5
  m_AutoUVMaxAngle: 89
  m_LightmapParameters: {fileID: 0}
  m_SortingLayerID: 0
  m_SortingLayer: 0
  m_SortingOrder: 0
  m_AdditionalVertexStreams: {fileID: 0}
--- !u!33 &1718928093
MeshFilter:
  m_ObjectHideFlags: 0
  m_CorrespondingSourceObject: {fileID: 0}
  m_PrefabInstance: {fileID: 0}
  m_PrefabAsset: {fileID: 0}
  m_GameObject: {fileID: 1718928090}
  m_Mesh: {fileID: 10207, guid: 0000000000000000e000000000000000, type: 0}
--- !u!4 &1718928094
Transform:
  m_ObjectHideFlags: 0
  m_CorrespondingSourceObject: {fileID: 0}
  m_PrefabInstance: {fileID: 0}
  m_PrefabAsset: {fileID: 0}
  m_GameObject: {fileID: 1718928090}
  m_LocalRotation: {x: 0, y: 0, z: 0, w: 1}
  m_LocalPosition: {x: 0.637, y: 0.567, z: 1.323}
  m_LocalScale: {x: 0.30116, y: 0.30116, z: 0.30116}
  m_Children: []
  m_Father: {fileID: 0}
  m_RootOrder: 5
  m_LocalEulerAnglesHint: {x: 0, y: 0, z: 0}
--- !u!114 &1718928095
MonoBehaviour:
  m_ObjectHideFlags: 0
  m_CorrespondingSourceObject: {fileID: 0}
  m_PrefabInstance: {fileID: 0}
  m_PrefabAsset: {fileID: 0}
  m_GameObject: {fileID: 1718928090}
  m_Enabled: 1
  m_EditorHideFlags: 0
  m_Script: {fileID: 11500000, guid: 60523e0647cc6ab43acc73cb266a32a7, type: 3}
  m_Name: 
  m_EditorClassIdentifier: 
  m_InteractionManager: {fileID: 1430802034}
  m_InteractionLayerMask:
    serializedVersion: 2
    m_Bits: 4294967295
  m_AttachTransform: {fileID: 0}
  m_StartingSelectedInteractable: {fileID: 0}
  m_OnHoverEnter:
    m_PersistentCalls:
      m_Calls: []
  m_OnHoverExit:
    m_PersistentCalls:
      m_Calls: []
  m_OnSelectEnter:
    m_PersistentCalls:
      m_Calls: []
  m_OnSelectExit:
    m_PersistentCalls:
      m_Calls: []
  m_ShowInteractableHoverMeshes: 1
  m_InteractableHoverMeshMaterial: {fileID: 0}
  m_SocketActive: 1
  m_InteractableHoverScale: 1
  m_RecycleDelayTime: 1
--- !u!1 &1744181455
GameObject:
  m_ObjectHideFlags: 0
  m_CorrespondingSourceObject: {fileID: 0}
  m_PrefabInstance: {fileID: 0}
  m_PrefabAsset: {fileID: 0}
  serializedVersion: 6
  m_Component:
  - component: {fileID: 1744181457}
  - component: {fileID: 1744181456}
  m_Layer: 0
  m_Name: Post-process Volume
  m_TagString: Untagged
  m_Icon: {fileID: 0}
  m_NavMeshLayer: 0
  m_StaticEditorFlags: 0
  m_IsActive: 1
--- !u!114 &1744181456
MonoBehaviour:
  m_ObjectHideFlags: 0
  m_CorrespondingSourceObject: {fileID: 0}
  m_PrefabInstance: {fileID: 0}
  m_PrefabAsset: {fileID: 0}
  m_GameObject: {fileID: 1744181455}
  m_Enabled: 1
  m_EditorHideFlags: 0
  m_Script: {fileID: 11500000, guid: 172515602e62fb746b5d573b38a5fe58, type: 3}
  m_Name: 
  m_EditorClassIdentifier: 
  isGlobal: 1
  priority: 0
  blendDistance: 0
  weight: 1
  sharedProfile: {fileID: 11400000, guid: 10fc4df2da32a41aaa32d77bc913491c, type: 2}
--- !u!4 &1744181457
Transform:
  m_ObjectHideFlags: 0
  m_CorrespondingSourceObject: {fileID: 0}
  m_PrefabInstance: {fileID: 0}
  m_PrefabAsset: {fileID: 0}
  m_GameObject: {fileID: 1744181455}
  m_LocalRotation: {x: -0, y: -0, z: -0, w: 1}
  m_LocalPosition: {x: 0, y: 0, z: 0}
  m_LocalScale: {x: 1, y: 1, z: 1}
  m_Children: []
  m_Father: {fileID: 0}
  m_RootOrder: 2
  m_LocalEulerAnglesHint: {x: 0, y: 0, z: 0}
--- !u!1001 &1950355376
PrefabInstance:
  m_ObjectHideFlags: 0
  serializedVersion: 2
  m_Modification:
    m_TransformParent: {fileID: 0}
    m_Modifications:
    - target: {fileID: -8679921383154817045, guid: b153762f200294343994cd7b03f607e6, type: 3}
      propertyPath: m_LocalPosition.x
      value: -0.38
      objectReference: {fileID: 0}
    - target: {fileID: -8679921383154817045, guid: b153762f200294343994cd7b03f607e6, type: 3}
      propertyPath: m_LocalPosition.y
      value: 0.405
      objectReference: {fileID: 0}
    - target: {fileID: -8679921383154817045, guid: b153762f200294343994cd7b03f607e6, type: 3}
      propertyPath: m_LocalPosition.z
      value: 1.396
      objectReference: {fileID: 0}
    - target: {fileID: -8679921383154817045, guid: b153762f200294343994cd7b03f607e6, type: 3}
      propertyPath: m_LocalRotation.x
      value: -4.3297806e-17
      objectReference: {fileID: 0}
    - target: {fileID: -8679921383154817045, guid: b153762f200294343994cd7b03f607e6, type: 3}
      propertyPath: m_LocalRotation.y
      value: -0.7071068
      objectReference: {fileID: 0}
    - target: {fileID: -8679921383154817045, guid: b153762f200294343994cd7b03f607e6, type: 3}
      propertyPath: m_LocalRotation.z
      value: 0.7071068
      objectReference: {fileID: 0}
    - target: {fileID: -8679921383154817045, guid: b153762f200294343994cd7b03f607e6, type: 3}
      propertyPath: m_LocalRotation.w
      value: 4.3297806e-17
      objectReference: {fileID: 0}
    - target: {fileID: -8679921383154817045, guid: b153762f200294343994cd7b03f607e6, type: 3}
      propertyPath: m_RootOrder
      value: 7
      objectReference: {fileID: 0}
    - target: {fileID: -8679921383154817045, guid: b153762f200294343994cd7b03f607e6, type: 3}
      propertyPath: m_LocalEulerAnglesHint.x
      value: 0
      objectReference: {fileID: 0}
    - target: {fileID: -8679921383154817045, guid: b153762f200294343994cd7b03f607e6, type: 3}
      propertyPath: m_LocalEulerAnglesHint.y
      value: 0
      objectReference: {fileID: 0}
    - target: {fileID: -8679921383154817045, guid: b153762f200294343994cd7b03f607e6, type: 3}
      propertyPath: m_LocalEulerAnglesHint.z
      value: 0
      objectReference: {fileID: 0}
    - target: {fileID: 919132149155446097, guid: b153762f200294343994cd7b03f607e6, type: 3}
      propertyPath: m_Name
      value: Book
      objectReference: {fileID: 0}
    - target: {fileID: 3451118302482216456, guid: b153762f200294343994cd7b03f607e6, type: 3}
      propertyPath: m_Enabled
      value: 0
      objectReference: {fileID: 0}
    m_RemovedComponents: []
  m_SourcePrefab: {fileID: 100100000, guid: b153762f200294343994cd7b03f607e6, type: 3}
--- !u!1 &1950355377 stripped
GameObject:
  m_CorrespondingSourceObject: {fileID: 919132149155446097, guid: b153762f200294343994cd7b03f607e6, type: 3}
  m_PrefabInstance: {fileID: 1950355376}
  m_PrefabAsset: {fileID: 0}
--- !u!65 &1950355378
BoxCollider:
  m_ObjectHideFlags: 0
  m_CorrespondingSourceObject: {fileID: 0}
  m_PrefabInstance: {fileID: 0}
  m_PrefabAsset: {fileID: 0}
  m_GameObject: {fileID: 1950355377}
  m_Material: {fileID: 0}
  m_IsTrigger: 0
  m_Enabled: 1
  serializedVersion: 2
  m_Size: {x: 0.33837688, y: 0.24790038, z: 0.05233742}
  m_Center: {x: -0.000020101676, y: 0.0024704542, z: -0.026800966}
--- !u!114 &1950355379
MonoBehaviour:
  m_ObjectHideFlags: 0
  m_CorrespondingSourceObject: {fileID: 0}
  m_PrefabInstance: {fileID: 0}
  m_PrefabAsset: {fileID: 0}
  m_GameObject: {fileID: 1950355377}
  m_Enabled: 1
  m_EditorHideFlags: 0
  m_Script: {fileID: 11500000, guid: 0ad34abafad169848a38072baa96cdb2, type: 3}
  m_Name: 
  m_EditorClassIdentifier: 
  m_InteractionManager: {fileID: 1430802034}
  m_Colliders: []
  m_InteractionLayerMask:
    serializedVersion: 2
    m_Bits: 4294967295
  m_OnFirstHoverEnter:
    m_PersistentCalls:
      m_Calls: []
  m_OnHoverEnter:
    m_PersistentCalls:
      m_Calls: []
  m_OnHoverExit:
    m_PersistentCalls:
      m_Calls: []
  m_OnLastHoverExit:
    m_PersistentCalls:
      m_Calls: []
  m_OnSelectEnter:
    m_PersistentCalls:
      m_Calls: []
  m_OnSelectExit:
    m_PersistentCalls:
      m_Calls: []
  m_OnActivate:
    m_PersistentCalls:
      m_Calls: []
  m_OnDeactivate:
    m_PersistentCalls:
      m_Calls: []
  m_CustomReticle: {fileID: 0}
  m_AttachTransform: {fileID: 0}
  m_AttachEaseInTime: 0.15
  m_MovementType: 1
  m_TrackPosition: 1
  m_SmoothPosition: 0
  m_SmoothPositionAmount: 5
  m_TightenPosition: 0.5
  m_TrackRotation: 1
  m_SmoothRotation: 0
  m_SmoothRotationAmount: 5
  m_TightenRotation: 0.5
  m_ThrowOnDetach: 1
  m_ThrowSmoothingDuration: 0.25
  m_ThrowSmoothingCurve:
    serializedVersion: 2
    m_Curve:
    - serializedVersion: 3
      time: 1
      value: 1
      inSlope: 0
      outSlope: 0
      tangentMode: 0
      weightedMode: 0
      inWeight: 0
      outWeight: 0
    m_PreInfinity: 2
    m_PostInfinity: 2
    m_RotationOrder: 4
  m_ThrowVelocityScale: 1.5
  m_ThrowAngularVelocityScale: 0.25
  m_GravityOnDetach: 0
  m_RetainTransformParent: 1
--- !u!54 &1950355380
Rigidbody:
  m_ObjectHideFlags: 0
  m_CorrespondingSourceObject: {fileID: 0}
  m_PrefabInstance: {fileID: 0}
  m_PrefabAsset: {fileID: 0}
  m_GameObject: {fileID: 1950355377}
  serializedVersion: 2
  m_Mass: 1
  m_Drag: 0
  m_AngularDrag: 0.05
  m_UseGravity: 1
  m_IsKinematic: 0
  m_Interpolate: 0
  m_Constraints: 0
  m_CollisionDetection: 0
--- !u!1001 &2089810689
PrefabInstance:
  m_ObjectHideFlags: 0
  serializedVersion: 2
  m_Modification:
    m_TransformParent: {fileID: 0}
    m_Modifications:
    - target: {fileID: 153878, guid: 7a135b1a2cb9c8f488d4dd00c55ab283, type: 3}
      propertyPath: m_Name
      value: Teleporting
      objectReference: {fileID: 0}
    - target: {fileID: 153878, guid: 7a135b1a2cb9c8f488d4dd00c55ab283, type: 3}
      propertyPath: m_IsActive
      value: 0
      objectReference: {fileID: 0}
    - target: {fileID: 475244, guid: 7a135b1a2cb9c8f488d4dd00c55ab283, type: 3}
      propertyPath: m_LocalPosition.x
      value: 0
      objectReference: {fileID: 0}
    - target: {fileID: 475244, guid: 7a135b1a2cb9c8f488d4dd00c55ab283, type: 3}
      propertyPath: m_LocalPosition.y
      value: 0
      objectReference: {fileID: 0}
    - target: {fileID: 475244, guid: 7a135b1a2cb9c8f488d4dd00c55ab283, type: 3}
      propertyPath: m_LocalPosition.z
      value: 0
      objectReference: {fileID: 0}
    - target: {fileID: 475244, guid: 7a135b1a2cb9c8f488d4dd00c55ab283, type: 3}
      propertyPath: m_LocalRotation.x
      value: -0
      objectReference: {fileID: 0}
    - target: {fileID: 475244, guid: 7a135b1a2cb9c8f488d4dd00c55ab283, type: 3}
      propertyPath: m_LocalRotation.y
      value: -0
      objectReference: {fileID: 0}
    - target: {fileID: 475244, guid: 7a135b1a2cb9c8f488d4dd00c55ab283, type: 3}
      propertyPath: m_LocalRotation.z
      value: -0
      objectReference: {fileID: 0}
    - target: {fileID: 475244, guid: 7a135b1a2cb9c8f488d4dd00c55ab283, type: 3}
      propertyPath: m_LocalRotation.w
      value: 1
      objectReference: {fileID: 0}
    - target: {fileID: 475244, guid: 7a135b1a2cb9c8f488d4dd00c55ab283, type: 3}
      propertyPath: m_RootOrder
      value: 9
      objectReference: {fileID: 0}
    - target: {fileID: 475244, guid: 7a135b1a2cb9c8f488d4dd00c55ab283, type: 3}
      propertyPath: m_LocalEulerAnglesHint.x
      value: 0
      objectReference: {fileID: 0}
    - target: {fileID: 475244, guid: 7a135b1a2cb9c8f488d4dd00c55ab283, type: 3}
      propertyPath: m_LocalEulerAnglesHint.y
      value: 0
      objectReference: {fileID: 0}
    - target: {fileID: 475244, guid: 7a135b1a2cb9c8f488d4dd00c55ab283, type: 3}
      propertyPath: m_LocalEulerAnglesHint.z
      value: 0
      objectReference: {fileID: 0}
    m_RemovedComponents: []
  m_SourcePrefab: {fileID: 100100000, guid: 7a135b1a2cb9c8f488d4dd00c55ab283, type: 3}
